<record><leader>00000cas a22000007a 4500</leader><controlfield tag="001">12096351</controlfield><controlfield tag="008">850530d18941933wiuwr ne      0    0eng d</controlfield><datafield ind1=" " ind2=" " tag="010"><subfield code="a">sn 85040653 </subfield></datafield><datafield ind1=" " ind2=" " tag="040"><subfield code="a">NPV</subfield><subfield code="b">eng</subfield><subfield code="c">NPV</subfield><subfield code="d">OCLCQ</subfield></datafield><datafield ind1=" " ind2=" " tag="042"><subfield code="a">msc</subfield></datafield><datafield ind1=" " ind2=" " tag="045"><subfield code="a">w9x3</subfield></datafield><datafield ind1=" " ind2=" " tag="052"><subfield code="a">4123</subfield><subfield code="b">W4</subfield></datafield><datafield ind1="0" ind2="4" tag="245"><subfield code="a">The Hartford times.</subfield></datafield><datafield ind1=" " ind2=" " tag="260"><subfield code="a">Hartford, Wis. :</subfield><subfield code="b">Hartford Pub.,</subfield><subfield code="c">1894-1933.</subfield></datafield><datafield ind1=" " ind2=" " tag="300"><subfield code="a">40 v. :</subfield><subfield code="b">ill.</subfield></datafield><datafield ind1=" " ind2=" " tag="310"><subfield code="a">Weekly</subfield></datafield><datafield ind1=" " ind2=" " tag="321"><subfield code="a">Weekly,</subfield><subfield code="b">Sept. 13, 1894-Sept. 6, 1904</subfield></datafield><datafield ind1=" " ind2=" " tag="321"><subfield code="a">Semiweekly,</subfield><subfield code="b">Sept. 13, 1904-July 2, 1909</subfield></datafield><datafield ind1="0" ind2=" " tag="362"><subfield code="a">Vol. 1, no. 1 (Sept. 13, 1894)-v. 40, no. 9 (Oct. 20, 1933).</subfield></datafield><datafield ind1=" " ind2=" " tag="500"><subfield code="a">Editor: T. Foley, Sept. 13, 1894-Apr. 14, 1898.--A.J. Hemmy, Apr. 21, 1898-Dec. 28, 1917.--C.R. Hathaway, Jan. 4, 1918-Oct. 20, 1933.</subfield></datafield><datafield ind1=" " ind2=" " tag="530"><subfield code="a">Available on microfilm from The State Historical Society of Wisconsin.</subfield></datafield><datafield ind1=" " ind2=" " tag="580"><subfield code="a">Merged with: Hartford press (Hartford, Wis. : 1883), to form: Hartford times-press.</subfield></datafield><datafield ind1=" " ind2=" " tag="752"><subfield code="a">United States</subfield><subfield code="b">Wisconsin</subfield><subfield code="c">Washington</subfield><subfield code="d">Hartford.</subfield></datafield><datafield ind1="1" ind2="7" tag="785"><subfield code="t">Hartford press (Hartford, Wis. : 1883)</subfield><subfield code="w">(DLC)sn 85040599</subfield><subfield code="w">(OCoLC)12032681</subfield></datafield><datafield ind1="1" ind2="7" tag="785"><subfield code="t">Hartford times-press</subfield><subfield code="w">(DLC)sn 85040654</subfield><subfield code="w">(OCoLC)12096421</subfield></datafield></record>